@Misc{Meier2023,
  author = {Meier, Walter N and Stewart, J Scott},
  title  = {{NSIDC Land, Ocean, Coast, Ice, and Sea Ice Region Masks. NSIDC Special Report 25. Boulder CO, USA: National Snow and Ice Data Center}},
  year   = {2023},
}

@Comment{jabref-meta: databaseType:bibtex;}
